<?xml version="1.0" encoding="UTF-8"?><collection xmlns="http://www.loc.gov/MARC21/slim"><record><leader>00536nam--2200145-i-4500</leader><controlfield tag="001">000010519</controlfield><controlfield tag="002">20161230</controlfield><controlfield tag="005">20161230201028</controlfield><controlfield tag="008">060222s1000------------r-----000-0-eng-d</controlfield><datafield ind1=" " ind2=" " tag="080"><subfield code="a">539.126.344</subfield></datafield><datafield ind1=" " ind2=" " tag="100"><subfield code="a">Bouquet, B. /S.A.</subfield></datafield><datafield ind1=" " ind2=" " tag="245"><subfield code="a">Photoproduction of positive pions at 180 from 0.22 gev to 3.1 gev. recouvrant en partie la these de doctorat es sciences physiques enregistree au c.n.r.s. sou s le numero ao 5002 by b.d`almagne</subfield></datafield><datafield ind1=" " ind2=" " tag="260"><subfield code="a">Paris, Faculte Des Sciences D`Orsay, 1970 11 P. + 3 Fig</subfield></datafield><datafield ind1=" " ind2=" " tag="490"><subfield code="a">1252</subfield></datafield><datafield ind1=" " ind2=" " tag="852"><subfield code="a">38046</subfield></datafield></record></collection>